%% Bibliography 

@misc{ wiki:bow,
   author = "Wikip√©dia",
   title = "Bag-of-words model in computer vision",
   year = "2013",
   url = "http://en.wikipedia.org/wiki/Bag-of-words_model_in_computer_vision",
   note = "[Online; acedido a 8 de Outubro de 2013]"
 }